<?xml version="1.0" encoding="UTF-8"?>
  <record xmlns="http://www.loc.gov/MARC21/slim" type="Authority">
    <leader>00000nz  a2200000nc 4500</leader>
    <controlfield tag="001">118736515</controlfield>
    <controlfield tag="003">DE-101</controlfield>
    <controlfield tag="005">20220604104446.0</controlfield>
    <controlfield tag="008">880701n||azznnaabn           | aaa    |c</controlfield>
    <datafield tag="024" ind1="7" ind2=" ">
      <subfield code="a">118736515</subfield>
      <subfield code="0">http://d-nb.info/gnd/118736515</subfield>
      <subfield code="2">gnd</subfield>
    </datafield>
    <datafield tag="035" ind1=" " ind2=" ">
      <subfield code="a">(DE-101)118736515</subfield>
    </datafield>
    <datafield tag="035" ind1=" " ind2=" ">
      <subfield code="a">(DE-588)118736515</subfield>
    </datafield>
    <datafield tag="035" ind1=" " ind2=" ">
      <subfield code="z">(DE-588)1159035334</subfield>
    </datafield>
    <datafield tag="035" ind1=" " ind2=" ">
      <subfield code="z">(DE-588a)118736515</subfield>
      <subfield code="9">v:zg</subfield>
    </datafield>
    <datafield tag="035" ind1=" " ind2=" ">
      <subfield code="z">(DE-588a)153713712</subfield>
    </datafield>
    <datafield tag="035" ind1=" " ind2=" ">
      <subfield code="z">(DE-588c)4102112-5</subfield>
      <subfield code="9">v:zg</subfield>
    </datafield>
    <datafield tag="040" ind1=" " ind2=" ">
      <subfield code="a">DE-101</subfield>
      <subfield code="c">DE-101</subfield>
      <subfield code="9">r:DE-101</subfield>
      <subfield code="b">ger</subfield>
      <subfield code="d">1210</subfield>
    </datafield>
    <datafield tag="042" ind1=" " ind2=" ">
      <subfield code="a">gnd1</subfield>
    </datafield>
    <datafield tag="043" ind1=" " ind2=" ">
      <subfield code="c">XA-DE</subfield>
      <subfield code="c">XA-NL</subfield>
    </datafield>
    <datafield tag="065" ind1=" " ind2=" ">
      <subfield code="a">16.5p</subfield>
      <subfield code="2">sswd</subfield>
    </datafield>
    <datafield tag="075" ind1=" " ind2=" ">
      <subfield code="b">p</subfield>
      <subfield code="2">gndgen</subfield>
    </datafield>
    <datafield tag="075" ind1=" " ind2=" ">
      <subfield code="b">piz</subfield>
      <subfield code="2">gndspec</subfield>
    </datafield>
    <datafield tag="079" ind1=" " ind2=" ">
      <subfield code="a">g</subfield>
      <subfield code="q">s</subfield>
      <subfield code="q">a</subfield>
      <subfield code="q">f</subfield>
      <subfield code="u">v</subfield>
    </datafield>
    <datafield tag="100" ind1="1" ind2=" ">
      <subfield code="a">Oranje-Nassau, Maurits &#152;van&#156;</subfield>
      <subfield code="d">1567-1625</subfield>
    </datafield>
    <datafield tag="375" ind1=" " ind2=" ">
      <subfield code="a">1</subfield>
      <subfield code="2">iso5218</subfield>
    </datafield>
    <datafield tag="400" ind1="1" ind2=" ">
      <subfield code="a">Oranien-Nassau, Moritz &#152;von&#156;</subfield>
      <subfield code="d">1567-1625</subfield>
    </datafield>
    <datafield tag="400" ind1="1" ind2=" ">
      <subfield code="a">Oranien, Moritz &#152;von&#156;</subfield>
      <subfield code="d">1567-1625</subfield>
    </datafield>
    <datafield tag="400" ind1="1" ind2=" ">
      <subfield code="a">Oranje, Maurits &#152;van&#156;</subfield>
      <subfield code="d">1567-1625</subfield>
    </datafield>
    <datafield tag="400" ind1="1" ind2=" ">
      <subfield code="a">Nassau-Dillenburg, Moritz &#152;von&#156;</subfield>
      <subfield code="d">1567-1625</subfield>
    </datafield>
    <datafield tag="400" ind1="1" ind2=" ">
      <subfield code="a">Nassau, Maurice &#152;de&#156;</subfield>
      <subfield code="d">1567-1625</subfield>
    </datafield>
    <datafield tag="400" ind1="0" ind2=" ">
      <subfield code="a">Moritz</subfield>
      <subfield code="c">Niederlande, Statthalter</subfield>
      <subfield code="d">1567-1625</subfield>
    </datafield>
    <datafield tag="400" ind1="0" ind2=" ">
      <subfield code="a">Moritz</subfield>
      <subfield code="c">von Oranien, 1567-1625</subfield>
      <subfield code="d">1567-1625</subfield>
    </datafield>
    <datafield tag="400" ind1="0" ind2=" ">
      <subfield code="a">Maurits</subfield>
      <subfield code="c">Nassau-Oranje, Prins</subfield>
      <subfield code="d">1567-1625</subfield>
    </datafield>
    <datafield tag="400" ind1="0" ind2=" ">
      <subfield code="a">Maurits</subfield>
      <subfield code="c">Oraengien, Prince</subfield>
      <subfield code="d">1567-1625</subfield>
    </datafield>
    <datafield tag="400" ind1="0" ind2=" ">
      <subfield code="a">Maurits</subfield>
      <subfield code="c">Oraengien-Nassau, Prince</subfield>
      <subfield code="d">1567-1625</subfield>
    </datafield>
    <datafield tag="400" ind1="1" ind2=" ">
      <subfield code="a">Nassau, Maurits van Oranje-</subfield>
      <subfield code="d">1567-1625</subfield>
    </datafield>
    <datafield tag="400" ind1="0" ind2=" ">
      <subfield code="a">Mauris</subfield>
      <subfield code="c">Grave</subfield>
      <subfield code="d">1567-1625</subfield>
    </datafield>
    <datafield tag="400" ind1="0" ind2=" ">
      <subfield code="a">Moritz</subfield>
      <subfield code="c">Oranien, Prinz</subfield>
      <subfield code="d">1567-1625</subfield>
    </datafield>
    <datafield tag="400" ind1="0" ind2=" ">
      <subfield code="a">Moritz</subfield>
      <subfield code="c">Nassau, Graf</subfield>
      <subfield code="d">1567-1625</subfield>
    </datafield>
    <datafield tag="400" ind1="0" ind2=" ">
      <subfield code="a">Maurice</subfield>
      <subfield code="c">Orange, Prince</subfield>
      <subfield code="d">1567-1625</subfield>
    </datafield>
    <datafield tag="400" ind1="0" ind2=" ">
      <subfield code="a">Mauritius</subfield>
      <subfield code="c">Orania, Princeps</subfield>
      <subfield code="d">1567-1625</subfield>
    </datafield>
    <datafield tag="400" ind1="0" ind2=" ">
      <subfield code="a">Maurits</subfield>
      <subfield code="c">Oranje, Prins</subfield>
      <subfield code="d">1567-1625</subfield>
    </datafield>
    <datafield tag="400" ind1="0" ind2=" ">
      <subfield code="a">Moritz</subfield>
      <subfield code="c">Oranje, Prins</subfield>
      <subfield code="d">1567-1625</subfield>
    </datafield>
    <datafield tag="400" ind1="0" ind2=" ">
      <subfield code="a">Moritz</subfield>
      <subfield code="c">Nassau-Oranien, Prinz</subfield>
      <subfield code="d">1567-1625</subfield>
    </datafield>
    <datafield tag="400" ind1="0" ind2=" ">
      <subfield code="a">Mauritius</subfield>
      <subfield code="c">Nassovia, Comes</subfield>
      <subfield code="d">1567-1625</subfield>
    </datafield>
    <datafield tag="400" ind1="0" ind2=" ">
      <subfield code="a">Mauritius</subfield>
      <subfield code="c">Auracium, Princeps</subfield>
      <subfield code="d">1567-1625</subfield>
    </datafield>
    <datafield tag="400" ind1="0" ind2=" ">
      <subfield code="a">Mauritius</subfield>
      <subfield code="c">Nassau, Graf</subfield>
      <subfield code="d">1567-1625</subfield>
    </datafield>
    <datafield tag="400" ind1="1" ind2=" ">
      <subfield code="a">Nassau-Oranien, Moritz &#152;von&#156;</subfield>
      <subfield code="d">1567-1625</subfield>
    </datafield>
    <datafield tag="400" ind1="1" ind2=" ">
      <subfield code="a">Nassau-Oranje, Maurits &#152;van&#156;</subfield>
      <subfield code="d">1567-1625</subfield>
    </datafield>
    <datafield tag="400" ind1="0" ind2=" ">
      <subfield code="a">Moritz</subfield>
      <subfield code="c">Uranien, Prinz</subfield>
      <subfield code="d">1567-1625</subfield>
    </datafield>
    <datafield tag="400" ind1="1" ind2=" ">
      <subfield code="a">Nassaw-Uranien, Moritz &#152;von&#156;</subfield>
      <subfield code="d">1567-1625</subfield>
    </datafield>
    <datafield tag="400" ind1="1" ind2=" ">
      <subfield code="a">Nassaw, Moritz &#152;von&#156;</subfield>
      <subfield code="d">1567-1625</subfield>
    </datafield>
    <datafield tag="400" ind1="0" ind2=" ">
      <subfield code="a">Moritz</subfield>
      <subfield code="c">Nassaw, Graf</subfield>
      <subfield code="d">1567-1625</subfield>
    </datafield>
    <datafield tag="400" ind1="0" ind2=" ">
      <subfield code="a">Maurice</subfield>
      <subfield code="c">Nassau, Prince</subfield>
      <subfield code="d">1567-1625</subfield>
    </datafield>
    <datafield tag="400" ind1="0" ind2=" ">
      <subfield code="a">Moritz</subfield>
      <subfield code="c">Generalstatthalter der Niederlande</subfield>
      <subfield code="d">1567-1625</subfield>
    </datafield>
    <datafield tag="400" ind1="0" ind2=" ">
      <subfield code="a">Maurits</subfield>
      <subfield code="c">Generalstatthalter der Niederlande</subfield>
      <subfield code="d">1567-1625</subfield>
    </datafield>
    <datafield tag="400" ind1="0" ind2=" ">
      <subfield code="a">Maurits</subfield>
      <subfield code="c">Prinz von Oranien</subfield>
      <subfield code="d">1567-1625</subfield>
    </datafield>
    <datafield tag="400" ind1="1" ind2=" ">
      <subfield code="a">Oranje-Nassau, Maurits &#152;van&#156;</subfield>
      <subfield code="c">Generalstatthalter der Niederlande</subfield>
      <subfield code="d">1567-1625</subfield>
    </datafield>
    <datafield tag="400" ind1="1" ind2=" ">
      <subfield code="a">Nassau, Moritz &#152;von&#156;</subfield>
      <subfield code="c">Generalstatthalter der Niederlande</subfield>
      <subfield code="d">1567-1625</subfield>
    </datafield>
    <datafield tag="400" ind1="1" ind2=" ">
      <subfield code="a">Oranien-Nassau, Moritz &#152;von&#156;</subfield>
      <subfield code="c">Generalstatthalter der Niederlande</subfield>
      <subfield code="d">1567-1625</subfield>
    </datafield>
    <datafield tag="400" ind1="1" ind2=" ">
      <subfield code="a">Nassau-Dillenburg, Moritz &#152;von&#156;</subfield>
      <subfield code="c">Generalstatthalter der Niederlande</subfield>
      <subfield code="d">1567-1625</subfield>
    </datafield>
    <datafield tag="400" ind1="0" ind2=" ">
      <subfield code="a">Moritz</subfield>
      <subfield code="c">von Oranien, Generalstatthalter der Niederlande</subfield>
      <subfield code="d">1567-1625</subfield>
    </datafield>
    <datafield tag="400" ind1="0" ind2=" ">
      <subfield code="a">Maurice</subfield>
      <subfield code="c">Generalstatthalter der Niederlande</subfield>
      <subfield code="d">1567-1625</subfield>
    </datafield>
    <datafield tag="400" ind1="0" ind2=" ">
      <subfield code="a">Moritz</subfield>
      <subfield code="c">Graf von Nassau</subfield>
      <subfield code="d">1567-1625</subfield>
    </datafield>
    <datafield tag="400" ind1="0" ind2=" ">
      <subfield code="a">Moritz</subfield>
      <subfield code="c">Prinz von Oranien</subfield>
      <subfield code="d">1567-1625</subfield>
    </datafield>
    <datafield tag="400" ind1="0" ind2=" ">
      <subfield code="a">Mauritius</subfield>
      <subfield code="c">Arasciacus</subfield>
      <subfield code="d">1567-1625</subfield>
    </datafield>
    <datafield tag="500" ind1="1" ind2=" ">
      <subfield code="0">(DE-101)118738062</subfield>
      <subfield code="0">(DE-588)118738062</subfield>
      <subfield code="0">https://d-nb.info/gnd/118738062</subfield>
      <subfield code="a">Oranje-Nassau, Willem &#152;van&#156;</subfield>
      <subfield code="d">1533-1584</subfield>
      <subfield code="4">bezf</subfield>
      <subfield code="4">https://d-nb.info/standards/elementset/gnd#familialRelationship</subfield>
      <subfield code="w">r</subfield>
      <subfield code="i">Beziehung familiaer</subfield>
      <subfield code="e">Beziehung familiaer</subfield>
      <subfield code="9">v:Vater</subfield>
    </datafield>
    <datafield tag="500" ind1="1" ind2=" ">
      <subfield code="0">(DE-101)118738054</subfield>
      <subfield code="0">(DE-588)118738054</subfield>
      <subfield code="0">https://d-nb.info/gnd/118738054</subfield>
      <subfield code="a">Oranje-Nassau, Anna &#152;van&#156;</subfield>
      <subfield code="d">1544-1577</subfield>
      <subfield code="4">bezf</subfield>
      <subfield code="4">https://d-nb.info/standards/elementset/gnd#familialRelationship</subfield>
      <subfield code="w">r</subfield>
      <subfield code="i">Beziehung familiaer</subfield>
      <subfield code="e">Beziehung familiaer</subfield>
      <subfield code="9">v:Mutter</subfield>
    </datafield>
    <datafield tag="500" ind1="1" ind2=" ">
      <subfield code="0">(DE-101)1014354315</subfield>
      <subfield code="0">(DE-588)1014354315</subfield>
      <subfield code="0">https://d-nb.info/gnd/1014354315</subfield>
      <subfield code="a">Nassau, Lodewijk &#152;van&#156;</subfield>
      <subfield code="d">1602-1665</subfield>
      <subfield code="4">bezf</subfield>
      <subfield code="4">https://d-nb.info/standards/elementset/gnd#familialRelationship</subfield>
      <subfield code="w">r</subfield>
      <subfield code="i">Beziehung familiaer</subfield>
      <subfield code="e">Beziehung familiaer</subfield>
      <subfield code="9">v:Sohn</subfield>
    </datafield>
    <datafield tag="500" ind1="1" ind2=" ">
      <subfield code="0">(DE-101)1141321173</subfield>
      <subfield code="0">(DE-588)1141321173</subfield>
      <subfield code="0">https://d-nb.info/gnd/1141321173</subfield>
      <subfield code="a">Mechelen, Margaretha &#152;van&#156;</subfield>
      <subfield code="d">1581-1662</subfield>
      <subfield code="4">beza</subfield>
      <subfield code="4">https://d-nb.info/standards/elementset/gnd#acquaintanceshipOrFriendship</subfield>
      <subfield code="w">r</subfield>
      <subfield code="i">Bekanntschaft</subfield>
      <subfield code="e">Bekanntschaft</subfield>
      <subfield code="9">v:Mätresse</subfield>
    </datafield>
    <datafield tag="500" ind1="1" ind2=" ">
      <subfield code="0">(DE-101)136343716</subfield>
      <subfield code="0">(DE-588)136343716</subfield>
      <subfield code="0">https://d-nb.info/gnd/136343716</subfield>
      <subfield code="a">Oranje-Nassau, Filips Willem &#152;van&#156;</subfield>
      <subfield code="d">1554-1618</subfield>
      <subfield code="4">bezf</subfield>
      <subfield code="4">https://d-nb.info/standards/elementset/gnd#familialRelationship</subfield>
      <subfield code="w">r</subfield>
      <subfield code="i">Beziehung familiaer</subfield>
      <subfield code="e">Beziehung familiaer</subfield>
      <subfield code="9">v:Halbbruder</subfield>
    </datafield>
    <datafield tag="500" ind1="1" ind2=" ">
      <subfield code="0">(DE-101)118590200</subfield>
      <subfield code="0">(DE-588)118590200</subfield>
      <subfield code="0">https://d-nb.info/gnd/118590200</subfield>
      <subfield code="a">Oranje-Nassau, Frederik Hendrik &#152;van&#156;</subfield>
      <subfield code="d">1584-1647</subfield>
      <subfield code="4">bezf</subfield>
      <subfield code="4">https://d-nb.info/standards/elementset/gnd#familialRelationship</subfield>
      <subfield code="w">r</subfield>
      <subfield code="i">Beziehung familiaer</subfield>
      <subfield code="e">Beziehung familiaer</subfield>
      <subfield code="9">v:Halbbruder</subfield>
    </datafield>
    <datafield tag="548" ind1=" " ind2=" ">
      <subfield code="a">1567-1625</subfield>
      <subfield code="4">datl</subfield>
      <subfield code="4">https://d-nb.info/standards/elementset/gnd#dateOfBirthAndDeath</subfield>
      <subfield code="w">r</subfield>
      <subfield code="i">Lebensdaten</subfield>
    </datafield>
    <datafield tag="548" ind1=" " ind2=" ">
      <subfield code="a">14.11.1567-23.04.1625</subfield>
      <subfield code="4">datx</subfield>
      <subfield code="4">https://d-nb.info/standards/elementset/gnd#dateOfBirthAndDeath</subfield>
      <subfield code="w">r</subfield>
      <subfield code="i">Exakte Lebensdaten</subfield>
    </datafield>
    <datafield tag="550" ind1=" " ind2=" ">
      <subfield code="0">(DE-101)042388767</subfield>
      <subfield code="0">(DE-588)4238876-4</subfield>
      <subfield code="0">https://d-nb.info/gnd/4238876-4</subfield>
      <subfield code="a">Feldherr</subfield>
      <subfield code="4">berc</subfield>
      <subfield code="4">https://d-nb.info/standards/elementset/gnd#professionOrOccupation</subfield>
      <subfield code="w">r</subfield>
      <subfield code="i">Charakteristischer Beruf</subfield>
    </datafield>
    <datafield tag="550" ind1=" " ind2=" ">
      <subfield code="0">(DE-101)04057007X</subfield>
      <subfield code="0">(DE-588)4057007-1</subfield>
      <subfield code="0">https://d-nb.info/gnd/4057007-1</subfield>
      <subfield code="a">Statthalter</subfield>
      <subfield code="4">beru</subfield>
      <subfield code="4">https://d-nb.info/standards/elementset/gnd#professionOrOccupation</subfield>
      <subfield code="w">r</subfield>
      <subfield code="i">Beruf</subfield>
    </datafield>
    <datafield tag="551" ind1=" " ind2=" ">
      <subfield code="0">(DE-101)04012326X</subfield>
      <subfield code="0">(DE-588)4012326-1</subfield>
      <subfield code="0">https://d-nb.info/gnd/4012326-1</subfield>
      <subfield code="a">Dillenburg</subfield>
      <subfield code="4">ortg</subfield>
      <subfield code="4">https://d-nb.info/standards/elementset/gnd#placeOfBirth</subfield>
      <subfield code="w">r</subfield>
      <subfield code="i">Geburtsort</subfield>
    </datafield>
    <datafield tag="551" ind1=" " ind2=" ">
      <subfield code="0">(DE-101)040114465</subfield>
      <subfield code="0">(DE-588)4011446-6</subfield>
      <subfield code="0">https://d-nb.info/gnd/4011446-6</subfield>
      <subfield code="a">Den Haag</subfield>
      <subfield code="4">orts</subfield>
      <subfield code="4">https://d-nb.info/standards/elementset/gnd#placeOfDeath</subfield>
      <subfield code="w">r</subfield>
      <subfield code="i">Sterbeort</subfield>
    </datafield>
    <datafield tag="667" ind1=" " ind2=" ">
      <subfield code="a">12</subfield>
    </datafield>
    <datafield tag="667" ind1=" " ind2=" ">
      <subfield code="a">7</subfield>
    </datafield>
    <datafield tag="667" ind1=" " ind2=" ">
      <subfield code="a">VD-17</subfield>
    </datafield>
    <datafield tag="670" ind1=" " ind2=" ">
      <subfield code="a">NDB/ADB</subfield>
      <subfield code="u">https://www.deutsche-biographie.de/gnd118736515.html#ndbcontent</subfield>
    </datafield>
    <datafield tag="670" ind1=" " ind2=" ">
      <subfield code="a">Wikipedia</subfield>
      <subfield code="u">https://de.wikipedia.org/wiki/Moritz_(Oranien)</subfield>
    </datafield>
    <datafield tag="672" ind1=" " ind2="0">
      <subfield code="a">Maurits &lt;Oranje, Prins&gt;: A short report of the journey into Brabant</subfield>
      <subfield code="f">1602</subfield>
    </datafield>
    <datafield tag="672" ind1=" " ind2="0">
      <subfield code="a">Maurits &lt;Oranje, Prins&gt;: The post of the prince</subfield>
      <subfield code="f">1622</subfield>
    </datafield>
    <datafield tag="672" ind1=" " ind2="0">
      <subfield code="a">Maurits &lt;Oranje, Prins&gt;: The faithfull and wise preventer</subfield>
      <subfield code="f">1621</subfield>
    </datafield>
    <datafield tag="672" ind1=" " ind2="0">
      <subfield code="a">Maurits &lt;Oranje, Prins&gt;: The triumphs of Nassau</subfield>
      <subfield code="f">1613</subfield>
    </datafield>
    <datafield tag="672" ind1=" " ind2="0">
      <subfield code="a">Maurits &lt;Oranje, Prins&gt;: The battaile fought betweene Count Maurice and Albertus, Archd*</subfield>
      <subfield code="f">1600</subfield>
    </datafield>
    <datafield tag="672" ind1=" " ind2="0">
      <subfield code="a">Maurits &lt;Oranje, Prins&gt;: The honourable victorie obteined by Grave Maurice, against the*</subfield>
      <subfield code="f">1597</subfield>
    </datafield>
    <datafield tag="672" ind1=" " ind2="0">
      <subfield code="a">Maurits &lt;Oranje, Prins&gt;: The triumphs of Nassau</subfield>
      <subfield code="f">1620</subfield>
    </datafield>
    <datafield tag="672" ind1=" " ind2="0">
      <subfield code="a">Fongers, Jan: Illustrissimi Principis Mauritii et Generosi Comitis Guilielmi Frisiae prae*</subfield>
      <subfield code="f">1595</subfield>
    </datafield>
    <datafield tag="672" ind1=" " ind2="0">
      <subfield code="a">The articles of the giving over of the imperiall cittie of Groning</subfield>
      <subfield code="f">1694</subfield>
    </datafield>
    <datafield tag="672" ind1=" " ind2="0">
      <subfield code="a">Articulen geaccordeert, by syn hoogheydt den Prince van Orangien</subfield>
      <subfield code="f">1644</subfield>
    </datafield>
    <datafield tag="913" ind1=" " ind2=" ">
      <subfield code="S">pnd</subfield>
      <subfield code="i">a</subfield>
      <subfield code="a">Oranje-Nassau, Maurits /van (1567-1625)</subfield>
      <subfield code="0">(DE-588a)118736515</subfield>
    </datafield>
  </record>
